<?xml version="1.0" encoding="UTF-8"?><collection xmlns="http://www.loc.gov/MARC21/slim"><record><leader>00518nam--2200193-i-4500</leader><controlfield tag="001">000038989</controlfield><controlfield tag="002">20161230</controlfield><controlfield tag="005">20161230201042</controlfield><controlfield tag="008">060222s1000------------r-----000-0-ger-d</controlfield><datafield ind1=" " ind2=" " tag="040"><subfield code="a">IFIN-HH</subfield></datafield><datafield ind1=" " ind2=" " tag="041"><subfield code="a">ger</subfield></datafield><datafield ind1=" " ind2=" " tag="080"><subfield code="a">519.21</subfield></datafield><datafield ind1="1" ind2=" " tag="100"><subfield code="a">Richter,Hans</subfield></datafield><datafield ind1="1" ind2="0" tag="245"><subfield code="a">Wahrscheilichkeitstheorie</subfield><subfield code="c">Hans richter</subfield></datafield><datafield ind1=" " ind2=" " tag="260"><subfield code="a">Berlin, Springer-verlag, Kk1956</subfield></datafield><datafield ind1=" " ind2=" " tag="300"><subfield code="a">XI + 435 P. + 14 FIG</subfield></datafield><datafield ind1=" " ind2=" " tag="490"><subfield code="a">Die Grundlagen Der Mathematischen Wissenschaften</subfield></datafield><datafield ind1=" " ind2=" " tag="852"><subfield code="a">12602</subfield><subfield code="c">519.2</subfield></datafield><datafield ind1=" " ind2=" " tag="CAT"><subfield code="a">Sys</subfield><subfield code="c">20100517</subfield><subfield code="h">122638</subfield></datafield></record></collection>